<record><leader>00000cas a2200000 a 4500</leader><controlfield tag="001">15150171</controlfield><controlfield tag="008">870204d18421843pauwr ne      0    0eng c</controlfield><datafield ind1=" " ind2=" " tag="010"><subfield code="a">sn 87052115 </subfield></datafield><datafield ind1=" " ind2=" " tag="040"><subfield code="a">NPX</subfield><subfield code="b">eng</subfield><subfield code="c">NPX</subfield><subfield code="d">UNP</subfield><subfield code="d">NPH</subfield><subfield code="d">KNP</subfield><subfield code="d">MGN</subfield><subfield code="d">NVK</subfield><subfield code="d">OCL</subfield><subfield code="d">NVF</subfield><subfield code="d">OCLCQ</subfield><subfield code="d">OCLCF</subfield><subfield code="d">OCLCO</subfield></datafield><datafield ind1="1" ind2=" " tag="029"><subfield code="a">AU@</subfield><subfield code="b">000020128912</subfield></datafield><datafield ind1=" " ind2=" " tag="042"><subfield code="a">pcc</subfield></datafield><datafield ind1=" " ind2=" " tag="043"><subfield code="a">n-us-pa</subfield></datafield><datafield ind1="0" ind2="0" tag="245"><subfield code="a">United States Saturday post and chronicle.</subfield></datafield><datafield ind1="3" ind2="0" tag="246"><subfield code="a">United States Saturday post</subfield></datafield><datafield ind1="1" ind2="3" tag="246"><subfield code="a">U.S. Sat. post</subfield></datafield><datafield ind1=" " ind2=" " tag="260"><subfield code="a">Philadelphia :</subfield><subfield code="b">George R. Graham &amp; Co.,</subfield><subfield code="c">1842-1843.</subfield></datafield><datafield ind1=" " ind2=" " tag="300"><subfield code="a">v.</subfield></datafield><datafield ind1=" " ind2=" " tag="310"><subfield code="a">Weekly</subfield></datafield><datafield ind1="0" ind2=" " tag="362"><subfield code="a">Vol. 22, whole no. 1105 [i.e. 1106] (Oct. 8, 1842)-v. 23, whole no. 1156 (Sept. 23, 1843).</subfield></datafield><datafield ind1=" " ind2=" " tag="500"><subfield code="a">"And chronicle" appears within title ornament.</subfield></datafield><datafield ind1=" " ind2=" " tag="500"><subfield code="a">Publisher varies: Samuel D. Patterson &amp; Co., &lt;1843&gt;.</subfield></datafield><datafield ind1=" " ind2=" " tag="530"><subfield code="a">Available on microfilm from UMI, as part of the American Periodical series, 1800-1850.</subfield></datafield><datafield ind1=" " ind2=" " tag="580"><subfield code="a">Formed by the union of: Saturday evening post (Philadelphia, Pa.), Saturday chronicle (Philadelphia, Pa.), and: United States (Philadelphia, Pa.).</subfield></datafield><datafield ind1=" " ind2="0" tag="651"><subfield code="a">Philadelphia (Pa.)</subfield><subfield code="v">Newspapers.</subfield></datafield><datafield ind1=" " ind2="7" tag="655"><subfield code="a">Newspapers.</subfield><subfield code="2">fast</subfield><subfield code="0">(OCoLC)fst01423814</subfield></datafield><datafield ind1=" " ind2="7" tag="651"><subfield code="a">Pennsylvania</subfield><subfield code="z">Philadelphia.</subfield><subfield code="2">fast</subfield><subfield code="0">(OCoLC)fst01204170</subfield></datafield><datafield ind1=" " ind2=" " tag="752"><subfield code="a">United States</subfield><subfield code="b">Pennsylvania</subfield><subfield code="c">Philadelphia</subfield><subfield code="d">Philadelphia.</subfield></datafield><datafield ind1="1" ind2="4" tag="780"><subfield code="t">Saturday evening post (Philadelphia, Pa. : 1839)</subfield><subfield code="w">(DLC)   55019956</subfield></datafield><datafield ind1="1" ind2="4" tag="780"><subfield code="t">Saturday chronicle (Philadelphia, Pa.)</subfield><subfield code="w">(DLC)sn 87079925</subfield></datafield><datafield ind1="1" ind2="4" tag="780"><subfield code="t">United States (Philadelphia, Pa.)</subfield><subfield code="w">(DLC)sn 87062075</subfield></datafield><datafield ind1="0" ind2="0" tag="785"><subfield code="t">United States Saturday post</subfield><subfield code="w">(DLC)sn 87052116</subfield></datafield></record>